<?xml version="1.0" encoding="UTF-8"?><collection xmlns="http://www.loc.gov/MARC21/slim"><record><leader>00281nam--2200097-i-4500</leader><controlfield tag="001">000018252</controlfield><controlfield tag="002">20161230</controlfield><controlfield tag="005">20161230201032</controlfield><controlfield tag="008">060222s1000------------r-----000-0-eng-d</controlfield><datafield ind1=" " ind2=" " tag="245"><subfield code="a">Elenco dei rapporti del cnrn publicati nel periodo:1 luglio 1958 - 31 agosto 1959</subfield></datafield><datafield ind1=" " ind2=" " tag="490"><subfield code="a">Roma, Cnrn, 1959-</subfield></datafield></record></collection>